@inproceedings{vanderHeijden:2018:EPS:3239235.3267426,
 author = {van der Heijden, Amber and Broasca, Cosmin and Serebrenik, Alexander},
 title = {An Empirical Perspective on Security Challenges in Large-scale Agile Software Development},
 booktitle = {Proceedings of the 12th ACM/IEEE International Symposium on Empirical Software Engineering and Measurement},
 series = {ESEM '18},
 year = {2018},
 isbn = {978-1-4503-5823-1},
 location = {Oulu, Finland},
 pages = {45:1--45:4},
 articleno = {45},
 numpages = {4},
 url = {http://doi.acm.org/10.1145/3239235.3267426},
 doi = {10.1145/3239235.3267426},
 acmid = {3267426},
 publisher = {ACM},
 address = {New York, NY, USA},
 keywords = {agile software development, large-scale agile, security management},
} 

@Article{ Naiakshinaetal2017a,
  title = "{Why Do Developers Get Password Storage Wrong?: A Qualitative Usability Study}",
  author = {Naiakshina,A. and Danilova,A. and Tiefenau,C. and Herzog,M. and Dechand,S. and Smith,M.},
  journal = {In Proceedings of the 2017 ACM SIGSAC Conference on Computer and Communications Security (CCS '17). ACM},
  year = {2017},
  pages = {311-328},
  keywords = {SECURITY PASSWORD EDUC}
}

@Article{ Naiakshinaetal2018a,
  title = "{Deception Task Design in Developer Password Studies: Exploring a Student Sample}",
  author = {Naiakshina,A. and Danilova,A. and Tiefenau,C. and Smith,M.},
  journal = {In Fourteenth Symposium on Usable Privacy and Security (SOUPS 2018). USENIX Association},
  year = {2018},
  pages = {297-313},
  keywords = {SECURITY PASSWORD EDUC}
}

@Misc{ Naiakshinaetal2019a,
  title = "{"If you want, I can store the encrypted password." A Password-Storage Field Study with Freelance Developers}",
  author = {Naiakshina,A. and Danilova,A. and Gerlitz,E. and von Zezschwitz,E. and Smith,M.},
  year = {2019},
  howpublished = {\url{https://doi.org/10.1145/3290605.3300370}},
  annote = {To appear in CHI 2019.},
  keywords = {SECURITY PASSWORD EDUC}
}

@inproceedings{Drop2019,
  title="{';DROP TABLE textbooks;-- An Argument for SQL Injection Coverage in Database Textbooks}",
  booktitle={Proceedings SIGCSE 2019},
  author = {Taylor, Cynthia and Sakharkar, Saheeel},
  pages={191-197},
  year={2019}
}

@techreport{ACM2013a,
title = "{Computer Science Curricula 2013}",
author = {{ACM/IEEE-CS Joint Task Force on Computing Curricula}},
month = {December},
year = {2013},
institution = {ACM Press and IEEE Computer Society Press},
url = {http://dx.doi.org/10.1145/2534860},
doi = {10.1145/2534860}
}

@techreport{ACM2017b,
title = "{Cybersecurity Curricula 2017}",
author = {{ACM/IEEE-CS/AIS SIGSEC/IFIP WG 11.8 Joint Task Force on Computing Curricula}},
month = {December},
year = {2017},
institution = {ACM Press and IEEE Computer Society Press},
url = {https://www.acm.org/binaries/content/assets/education/curricula-recommendations/csec2017.pdf},
}

@Misc{Anonymous2018b,
   title="{CWE-89: Improper Neutralization of Special Elements used in an SQL Command ('SQL Injection')}",
  author={Anonymous},
  year={2018},
  howpublished={\url{https://cwe.mitre.org/data/definitions/89.html}}
}

@Misc{NCSC2018a,
   title="{NCSC degree certification}",
  author={{National Cyber Security Centre}},
  year={2018},
  howpublished={\url{https://www.ncsc.gov.uk/information/ncsc-degree-certification-call-new-applicants-0}}
}

@Misc{NCSC2018b,
   title="{Certification of Bachelor's and Master's Degrees in Cyber Security}",
  author={{National Cyber Security Centre}},
  year={2018},
  url = {https://www.ncsc.gov.uk/content/files/protected\_files/article\_files/degrees-at-a-glance.pdf}
}

@Misc{NCSC2018c,
   title="{NCSC-Certified Master's and Bachelor's Degrees in Cyber Security --- call for Master's degrees}",
  author={National Cyber Security Centre},
  year={2018},
  howpublished={\url{https://www.ncsc.gov.uk/content/files/protected\_files/article\_files/Computer Science for Cyber Security Sept 2018\_0.pdf}}
}

@Misc{ BCS2018a,
  title = "{Guidelines on course accreditation (May 2018)}",
  author = {{British Computer Society}},
  year = {2018},
  howpublished = {\url{http://www.bcs.org/content/ConMediaFile/30202}},
  keywords = {CS EDUC}
}

@Misc{ BCS2018b,
  title = "{List of Changes made since 2015 v2}",
  author = {{British Computer Society}},
  year = {2018},
  howpublished = {\url{https://www.bcs.org/upload/pdf/guidelines-changes-2018.pdf}},
  keywords = {CS EDUC}
}

@Misc{ ACMIEEEAISSIGSECIFIP,
  title = "{Curriculum Guidelines for Post-Secondary Degree Programs in Cybersecurity)}",
  author = {{Joint Task Force on Cybersecurity Education}},
  year = {2017},
  howpublished = {\url{https://cybered.hosting.acm.org/wp/wp-content/uploads/2018/02/csec2017\_web.pdf}},
  keywords = {CS EDUC}
}

@Article{ Bartsch2011a,
  title = "{Practitioners' Perspectives on Security in Agile Development}",
  author = {Bartsch,S.},
  journal = {In International Conference on Availability Reliability and Security},
  year = {2011},
  pages = {479-484},
  keywords = {SECURITY AGILE}
}

@Misc{ CPHCISC2,
  title = "{Cybersecurity Principles and Learning Outcomes for Computer Science and IT-Related Degrees)}",
  author = {{CPHC, ISC$^2$}},
  year = {2015},
  howpublished = {\url{https://cphcuk.files.wordpress.com/2015/06/j0028-isc2-white-paper-a4-v5-260515lr.pdf}},
  keywords = {CS EDUC}
}

@Misc{ CPHCISC2014,
  title = "{}PERSPECTIVES: Integrating Cybersecurity into Computer Science Curricula",
  author = {{CPHC, ISC$^2$}},
  year = {2014},
  howpublished = {\url{https://cphcuk.files.wordpress.com/2014/11/perspectives_integrating-cybersecurity-into-computer-science-curricula-final31102014.pdf}},
  keywords = {CS EDUC}
}

@Misc{ Parr2014a,
  title = "{Cybersecurity skills need boost in computer science degrees}",
  author = {Parr,C.},
  year = {2014},
  howpublished = {\url{https://www.timeshighereducation.com/news/cybersecurity-skills-need-boost-in-computer-science-degrees/2016933.article}},
  keywords = {SECURITY CS EDUC}
}


@Misc{ UKCabinetOffice,
  title = "{The UK Cyber Security Strategy}",
  author = {{UK Cabinet Office}},
  year = {2011},
  howpublished = {\url{https://assets.publishing.service.gov.uk/government/uploads/system/uploads/attachment\_data/file/60961/uk-cyber-security-strategy-final.pdf}},
  keywords = {SECURITY}
}

@Misc{ UKCabinetOffice2014,
  title = "{Cyber security skills: business perspectives and government's next steps}",
  author = {{UK Cabinet Office}},
  year = {2014},
  howpublished = {\url{https://www.gov.uk/government/publications/cyber-security-skills-business-perspectives-and-governments-next-steps}},
  keywords = {SECURITY}
}


@Misc{ NICE,
  title = "{NICE Cybersecurity Workforce Framework}",
  author = {{National Initiative for Cybersecurity Education (NICE)}},
  year = {2013},
  howpublished = {\url{https://www.nist.gov/itl/applied-cybersecurity/nice/resources/nice-cybersecurity-workforce-framework}},
  keywords = {SECURITY}
}


@Misc{ BritishAirways2018a,
  title = "{Customer data theft}",
  author = {{British Airways}},
  year = {2018},
  howpublished = {\url{https://www.britishairways.com/en-gb/information/incident/data-theft/latest-information}},
  keywords = {SECURITY}
}

@Misc{ Cox2015a,
  title = "{The History of SQL Injection, the Hack That Will Never Go Away}",
  author = {Cox,J.},
  year = {2015},
  howpublished = {\url{https://motherboard.vice.com/en\_us/article/aekzez/the-history-of-sql-injection-the-hack-that-will-never-go-away}},
  keywords = {SECURITY DATA EDUC}
}

@Misc{ Davenportminor2019a,
  title = "{Notes on SIGCSE 2019}",
  author = {Davenport,J.H.},
  year = {2019},
  howpublished = {\url{http://staff.bath.ac.uk/masjhd/Meetings/JHDonSIGCSE2019
a}},
  keywords = {CS EDUC SECURITY}
}


@inproceedings{Guimaraesetal2004,
  title={Incorporating security components into database courses},
  author={Guimaraes, Mario and Mattord, Herb and Austin, Richard},
  booktitle={Proceedings of the 1st annual conference on Information security curriculum development},
  pages={49--52},
  year={2004},
  organization={ACM}
}

@Misc{ Hannigan2019a,
  title = "{Engineering-based industries are often not very good at cyber securi
ty}",
  author = {Hannigan,R.},
  year = {2019},
  howpublished = {\url{https://events.theiet.org/cyber-ics/interview.cfm}},
  annote = {"change the culture in your organisation around cyber security; to t
ry to do for cyber what has been done so successfully for health and safety, for
 example, over the last ten years - to get everybody to take it seriously; to ta
ke the risk management process seriously and drive that down through the organis
ation."},
  keywords = {SECURITY IOT}
}

@article{ HornerHyslip2017a,
  author = {Horner, Matthew and Hyslip, Thomas},
  year = {2017},
  title = "{SQL Injection: The Longest Running Sequel in Programming History}",
  journal={Journal of Digital Forensics, Security and Law},
  volume ={12},
  article={10},
  pages={97-107},
  number={2},
  DOI ={https://doi.org/10.15394/jdfsl.2017.1475}
}

@article{ McGettreick2013,
  author = {McGettrick, Andrew},
  year = {2013},
  title = "{Toward effective cybersecurity education}",
  journal={IEEE Security and Privacy},
  volume ={11},
  number ={6},
  pages={66-68},
  DOI ={https://doi.org/10.1109/MSP.2013.155}
}

@Misc{ Page2018a,
  title = "{Closing the information security skills gap}",
  author = {{Michael Page Ltd.}},
  year = {2018},
  howpublished = {\url{https://www.michaelpage.co.uk/our-expertise/technology/closing-information-security-skills-gap}},
  annote = {Quotes a survey from ESG},
  keywords = {SECURITY JOBS}
}

@Misc{ SPIDynamics2002,
  title = "{White paper SQL Injection 07-31-02.doc}",
  author = {{SPI Dynamics}.},
  year = {2002},
  howpublished = {\url{https://web.archive.org/web/20030605171750/http://www.spi
dynamics.com:80/papers/SQLInjectionWhitePaper.pdf}},
  keywords = {SECURITY SQL HIST}
}

@Misc{ StangerMartin2015a,
  title = "{The 50 Best Computer-Science and Engineering Schools in America, 2015}",
  author = {Stanger,M. and Martin,E.},
  year = {2015},
  howpublished = {\url{http://www.businessinsider.com/best-computer-science-engineering-schools-in-america-2015-7}},
  keywords = {CS EDUC USA}
 }


@article{ Stensaker2006,
  author = {Stensaker, B. and  Harvey, L.},
  year = {2006},
  title = "{Old Wine in New Bottles? A Comparison of Public and Private Accreditation Schemes in Higher Education.}",
  journal={Higher Education Policy},
  volume ={195},
  article={1},
  pages={65-8},
  DOI ={https://doi.org/10.1057/palgrave.hep.8300110}
}


@Misc{ Unruhetal2017a,
  title = "{Leveraging Flawed Tutorials for Seeding Large-Scale Web Vulnerability Discovery}",
  author = {Unruh,T. and Shastry,B. and Skoruppa,M. and Maggi,F. and Rieck,K. and Seifert,J.-P. and Yamaguchi,F.},
  year = {2017},
  howpublished = {\url{https://arxiv.org/pdf/1704.02786.pdf}},
  annote = {See also Zorz2017i, Burton2017l},
  keywords = {WEB SECURITY TEACH}
}

@article{ Mutereko2017,
  author = {Mutereko, S.},
  year = {2017},
  title = "{Analysing the accreditation of engineering education in South Africa through Foucault's panopticon and governmentality lenses.}",
  journal={Assessment \& Evaluation in Higher Education},
  volume ={43},
  article={2},
  pages={235-247},
  DOI ={https://doi.org/10.1080/02602938.2017.1330395}
}

@article{ Brooke2018,
  author = {Brooke, P. and Prickett, T. and Keogh, S. and Bowers, D.},
  year = {2018},
  title = "{Becoming Professional A University Perspective.}",
  journal={ITNow},
  volume ={60},
  issue={2},
  pages={16-17},
  DOI ={https://doi.org/10.1093/itnow/bwy037}
}

@article{ Hentea2006,
  author = {Hentea, M.  and Dhillon, H.S. and Dhillon, M.},
  year = {2006},
  title = "{Towards Changes in Information Security Education}",
  journal={Journal of Information Technology Education: Research},
  volume ={5},
  article={},
  pages={221-233},
  url ={https://www.learntechlib.org/p/111542/}
}

@article{ Irons2016,
  author = {Alastair Irons and Nick Savage and Carsten Maple and Adrian Davies and Lyndsay Turley },
  year = {2016},
  title = "{Cybersecurity in CS Degrees}",
  journal={ITNow},
  volume ={58},
  article={2},
  pages={56-57},
  url ={https://doi.org/10/1093/itnow/bww053}
}

@TechReport{JCNSS2018a,
author = "{Joint Committee [of Parliament] on the National Security Strategy}",
title="{Cyber Security Skills and the UK's Critical National Infrastructure: Second Report of Session 2017-19}",
year={2018},
number = {HL Paper 172/ HC 706}, 
institution = {Houses of Parliament},
url = {https://publications.parliament.uk/pa/jt201719/jtselect/jtnatsec/706/70605.htm}
}

@Misc{ PCI2018b,
  title = "{Requirements and Security Assessment Procedures Version 3.2.1}",
  author = {{Payment Card Industry Security Standards Council (PCI SSC)}},
  year = {2018},
  howpublished = {\url{https://www.pcisecuritystandards.org/document\_library?category=pcidss&document=pci\_dss}},
  keywords = {SECURITY CARD}
}

@Misc{ OWASP2017a,
  title = "{The Ten Most Critical Web Application Security Risks}",
  author = {{Open Web Application Security Project (OWASP)}},
  year = {2017},
  howpublished = {\url{https://www.owasp.org/index.php/Category:OWASP\_Top\_Ten\_Project\#tab=Main}},
  keywords = {WEB SECURITY}
}

@INPROCEEDINGS{crick+sentance:2011,
  author = {Tom Crick and Sue Sentance},
  title = {{Computing At School: Stimulating Computing Education in the UK}},
  booktitle = {{Proceedings of the 11th Koli Calling International Conference on
	Computing Education Research}},
  year = {2011},
  pages = {122-123},
  publisher = {ACM}
}

@INPROCEEDINGS{brown-et-al:sigcse2013,
  author = {Neil C. C. Brown and Michael K\"{o}lling and Tom Crick and Simon {Peyton Jones} and Simon Humphreys and Sue Sentance},
  title = {{Bringing Computer Science Back Into Schools: Lessons from the UK}},
  booktitle = {{Proceedings of the 44th ACM Technical Symposium on Computer Science Education (SIGCSE 2013)}},
  year = {2013},
  publisher = {ACM},
  address = {New York},
  pages = {269--274}
}

@ARTICLE{brown-et-al:toce2014,
  author = {Neil C. C. Brown and Sue Sentance and Tom Crick and Simon Humphreys},
  title = {{Restart: The Resurgence of Computer Science in UK Schools}},
  journal = {{ACM Transactions on Computer Science Education}},
  year = {2014},
  volume = {14},
  number = {2},
  pages = {1--22},
  publisher = {ACM}
}

@Article{moller+crick:jce2018,
  author = 	 {Faron Moller and Tom Crick},
  title = 	 {{A University-Based Model for Supporting Computer Science Curriculum Reform}},
  journal = 	 {{J. Computers in Education}},
  year = 	 {2018},
  publisher =    {Springer},
  pages =        {1-20}
}

@TECHREPORT{wgictreview:2013,
  author = {Stuart Arthur and Tom Crick and Janet Hayward},
  title = {{The ICT Steering Group's Report to the Welsh Government}},
  year = {2013},
  month = {September},
  note = {\url{http://learning.gov.wales/resources/browse-all/ict-steering-groups-report/?lang=en}},
}

@INPROCEEDINGS{davenport-et-al:latice2016,
  author =       {James H. Davenport and Alan Hayes and Rachid Hourizi and Tom Crick},
  title =        {{Innovative Pedagogical Practices in the Craft of Computing}},
  booktitle =    {{Proceedings of 4th International Conference on Learning and Teaching in Computing and Engineering (LaTiCE 2016)}},
  pages = {115-119},
  publisher = {IEEE Press},
  address = {Los Alamitos, CA},
  year = 	 {2016}
}

@Article{murphy-et-al:programming2017,
  author = 	 {Ellen Murphy and Tom Crick and James H. Davenport},
  title = 	 {{An Analysis of Introductory Programming Courses at UK Universities}},
  journal = 	 {{The Art, Science, and Engineering of Programming}},
  year = 	 {2017},
  volume = 	 {1(2)},
  number = 	 {18},
  pages = {18-1--18-23}
}

@InProceedings{simon-et-al:sigcse2018,
  author = 	 {{Simon} and Raina Mason and Tom Crick and James H. Davenport and Ellen Murphy},
  title = 	 {{Language Choice in Introductory Programming Courses at Australasian and UK Universities}},
  booktitle = {{Proceedings of 49th ACM Technical Symposium on Computer Science Education (SIGCSE 2018)}},
  pages = {852--857},
  publisher = {ACM},
  address = {New York},
  year = 	 {2018}
}

@InProceedings{tryfonas+crick:petra2018,
  author =       {Theo Tryfonas and Tom Crick},
  title =        {{Public Policy and Skills for Smart Cities: The UK Outlook}},
  booktitle =    {{Proceedings of 11th International Conference on PErvasive Technologies Related to Assistive Environments (PETRA)}},
  pages =        {116-117},
  year = 	 {2018}
}

@InProceedings{ Mengetal2018a,
  title = "{Secure coding practices in java: Challenges and vulnerabilities}",
  author = {Meng,N. and Nagy,S. and Yao,D. and Zhuang,W. and Arango Argoty,G.},
  booktitle = {2018 IEEE/ACM 40th International Conference on Software Engineering (ICSE)},
  year = {2018},
  pages = {372-383},
  keywords = {PROG JAVA SEEALSO(2017a)}
}


@Misc{ Chenetal2019a,
  title = "{How Reliable is the Crowdsourced Knowledge of Security Implementation?}",
  author = {Chen,M. and Fischer,F. and Meng,N. and Wang,X. and Grossklags,J.},
  year = {2019},
  howpublished = {\url{https://arxiv.org/abs/1901.01327}},
  keywords = {SECURITY JAVA}
}

@Misc{ Zorz2019a,
  title = "{Popular coding advice doesn't necessarily equal secure coding advice}",
  author = {Zorz,Z.},
  year = {2019},
  howpublished = {\url{https://www.helpnetsecurity.com/2019/01/09/insecure-coding-advice/}},
  keywords = {SECURITY JAVA}
}

@InProceedings{ Fischeretal2017a,
  title = "{Stack Overflow Considered Harmful? The Impact of Copy\&Paste on Android Application Security}",
  author = {Fischer,F. and B\"ottinger,K. and Xiao,H. and Stransky,C. and Acar,Y. and Backes,M. and Fahl,S.},
  booktitle = {38th IEEE Symposium on Security and Privacy (SP)},
  year = {2017},
  pages = {121-136}
}


@inproceedings{Parrishetal2018a,
 author = {Parrish, Allen and Impagliazzo, John and Raj, Rajendra K. and Santos, Henrique and Asghar, Muhammad Rizwan and J{\o}sang, Audun and Pereira, Teresa and S\'{a}, V\'{\i}tor J. and Stavrou, Eliana},
 title = {Global Perspectives on Cybersecurity Education},
 booktitle = {Proceedings of the 23rd Annual ACM Conference on Innovation and Technology in Computer Science Education},
 series = {ITiCSE 2018},
 year = {2018},
 isbn = {978-1-4503-5707-4},
 location = {Larnaca, Cyprus},
 pages = {340--341},
 url = {http://doi.acm.org/10.1145/3197091.3205840},
 doi = {10.1145/3197091.3205840},
 acmid = {3205840},
 publisher = {ACM},
 address = {New York, NY, USA},
 keywords = {ITiCSE working group, computer security education, cybersecurity education, global standards, information assurance education},
} 



@Misc{ Bristol2018a,
  title = "{The Cyber Security Body Of Knowledge: Software Security Knowledge Area Issue 1.0}",
  author = {{University of Bristol Cyber Security Group}},
  year = {2018},
  howpublished = {\url{https://www.cybok.org/}},
  keywords = {SECURITY EDUC}
}

@Misc{ Bristol2019a,
  title = "{The Cyber Security Body Of Knowledge}",
  author = {{University of Bristol Cyber Security Group}},
  year = {2019},
  howpublished = {\url{https://www.cybok.org/}},
  keywords = {SECURITY EDUC}
}

@InProceedings{ Davenportetal2019a,
  title = "{The Institute of Coding: Addressing the UK Digital Skills Crisis}",
  author = {Davenport,J.H. and Crick,T. and Hayes,A. and Hourizi,R.},
  booktitle = {Proceedings 3rd Computing Education Practice Conference},
  year = {2019},
  pages = {10:1--10:4},
  publisher =    {ACM},
  keywords = {CS EDUC UK}
}

@Misc{ EU292016a,
  title = "{Guidelines on Data Protection Officers (`DPOs')}",
  author = {{Article 29 Data Protection Working Party}},
  year = {2016},
  howpublished = {\url{http://ec.europa.eu/information\_society/newsroom/image/document/2016-51/wp243\_en\_40855.pdf}},
  keywords = {PRIVACY}
}}


@Misc{ McCreanor2018d,
  title = "{Finding the right candidate to be your DPO}",
  author = {McCreanor,N.},
  year = {2018},
  howpublished = {\url{https://www.itgovernance.eu/blog/en/finding-the-right-candidate-to-be-your-dpo}},
  annote = {Basically an ITG sales job},
  keywords = {PRIVACY JOURNO}
}

@Misc{ Barth2018a,
  title = "{No fly-by-night operation: Researchers suspect Magecart group behind British Airways breach}",
  author = {Barth,B.},
  year = {2018},
  howpublished = {\url{https://www.scmagazine.com/home/security-news/no-fly-by-night-operation-researchers-suspect-magecart-group-behind-british-airways-breach/}},
  annote = {Good technical details: "The alteration required a mere 22 lines of additional code, written in such a way to at first glance look like legit programming, including the use of a malicious domain named baways.com that actually is hosted on a Romanian IP address."},
  keywords = {SECURITY CARD}
}

@Misc{ Ackerman2019a,
  title = "{Too few cybersecurity professionals is a gigantic problem for 2019}",
  author = {Ackerman,R.},
  year = {2019},
  howpublished = {\url{https://techcrunch.com/2019/01/27/too-few-cybersecurity-professionals-is-a-gigantic-problem-for-2019/}},
  annote = {Between September 2017 and August 2018, U.S. employers posted nearly 314,000 jobs for cybersecurity pros.},
  keywords = {SECURITY JOBS}
}
@Misc{ Votipkaetal2019a,
  title = "{Understanding Security Mistakes Developers Make}",
  author = {Votipka,D. and Fulton,K. and Parker,J. and Hou,M. and Mazurek,M. and Hicks,M.},
  year = {2019},
  howpublished = {\url{https://rwc.iacr.org/2019/slides/RWC-BIBIFI-qual.pdf}},
  keywords = {SECURITY PROG}
}

@Article{ Ruiz2019a,
  title = "{A Study of the UK Undergraduate Computer Science Curriculum: A Vision of Cybersecurity}",
  author = {Ruiz,R.},
  journal = {To appear in 12th International Conference on Global Security},
  year = {2019},
  url = {https://www.cti.gov.br/sites/default/files/images/pdf/artigo-rodrigo-ruiz.pdf},
  keywords = {SECURITY EDUC UK}
}
