@inproceedings{Drop2019,
  title="{;DROP TABLE textbooks;-- An Argument for SQL Injection Coverage in Database Textbooks}",
  booktitle={Proceedings SIGCSE 2019},
  author = {Taylor, Cynthia and Sakharkar, Saheeel},
  pages={to appear},
  year={2019}
}

@techreport{ACM2013a,
title = "{Computer Science Curricula 2013}",
author = {{ACM/IEEE-CS Joint Task Force on Computing Curricula}},
month = {December},
year = {2013},
institution = {ACM Press and IEEE Computer Society Press},
url = {http://dx.doi.org/10.1145/2534860},
doi = {10.1145/2534860}
}

@Misc{Anonymous2018b,
   title="{CWE-89: Improper Neutralization of Special Elements used in an SQL Command ('SQL Injection')}",
  author={Anonymous}
  year={2018},
  howpublished={\url{https://cwe.mitre.org/data/definitions/89.html}}
}

@Misc{ BCS2018a,
  title = "{Guidelines on course accreditation (May 2018)}",
  author = {{British Computer Society}},
  year = {2018},
  howpublished = {\url{http://www.bcs.org/content/ConMediaFile/30202}},
  keywords = {CS EDUC}
}

@Misc{ BritishAirways2018a,
  title = "{Customer data theft}",
  author = {{British Airways}},
  year = {2018},
  howpublished = {\url{https://www.britishairways.com/en-gb/information/incident/data-theft/latest-information}},
  keywords = {SECURITY}
}

@Misc{ Cox2015a,
  title = "{The History of SQL Injection, the Hack That Will Never Go Away}",
  author = {Cox,J.},
  year = {2015},
  howpublished = {\url{https://motherboard.vice.com/en_us/article/aekzez/the-history-of-sql-injection-the-hack-that-will-never-go-away}},
  keywords = {SECURITY DATA EDUC}
}

@inproceedings{Guimaraesetal2004,
  title={Incorporating security components into database courses},
  author={Guimaraes, Mario and Mattord, Herb and Austin, Richard},
  booktitle={Proceedings of the 1st annual conference on Information security curriculum development},
  pages={49--52},
  year={2004},
  organization={ACM}
}

@article{ HornerHyslip2017a,
  author = {Horner, Matthew and Hyslip, Thomas},
  year = {2017},
  title = "{SQL Injection: The Longest Running Sequel in Programming History}",
  journal={Journal of Digital Forensics, Security and Law},
  volume ={12},
  article={10},
  pages={97-107},
  number={2},
  DOI ={https://doi.org/10.15394/jdfsl.2017.1475}
}

@Misc{ PCI2018b,
  title = "{Requirements and Security Assessment Procedures Version 3.2.1}",
  author = {{Payment Card Industry Security Standards Council (PCI SSC)}},
  year = {2018},
  howpublished = {\url{https://www.pcisecuritystandards.org/document_library?category=pcidss&document=pci_dss}},
  keywords = {SECURITY CARD}
}

@Misc{ OWASP2017a,
  title = "{Category:OWASP Top Ten Project}",
  author = {{Open Web Application Security Project (OWASP)}},
  year = {2017},
  howpublished = {\url{https://www.owasp.org/index.php/Category:OWASP_Top_Ten_Project\#tab=Main}},
  keywords = {WEB SECURITY}
}

@INPROCEEDINGS{crick+sentance:2011,
  author = {Tom Crick and Sue Sentance},
  title = {{Computing At School: Stimulating Computing Education in the UK}},
  booktitle = {{Proceedings of the 11th Koli Calling International Conference on
	Computing Education Research}},
  year = {2011},
  pages = {122-123},
  publisher = {ACM}
}

@INPROCEEDINGS{brown-et-al:sigcse2013,
  author = {Neil C. C. Brown and Michael K\"{o}lling and Tom Crick and Simon {Peyton Jones} and Simon Humphreys and Sue Sentance},
  title = {{Bringing Computer Science Back Into Schools: Lessons from the UK}},
  booktitle = {{Proceedings of the 44th ACM Technical Symposium on Computer Science Education (SIGCSE 2013)}},
  year = {2013},
  publisher = {ACM},
  address = {New York},
  pages = {269--274}
}

@ARTICLE{brown-et-al:toce2014,
  author = {Neil C. C. Brown and Sue Sentance and Tom Crick and Simon Humphreys},
  title = {{Restart: The Resurgence of Computer Science in UK Schools}},
  journal = {{ACM Transactions on Computer Science Education}},
  year = {2014},
  volume = {14},
  number = {2},
  pages = {1--22},
  publisher = {ACM}
}

@Article{moller+crick:jce2018,
  author = 	 {Faron Moller and Tom Crick},
  title = 	 {{A University-Based Model for Supporting Computer Science Curriculum Reform}},
  journal = 	 {{J. Computers in Education}},
  year = 	 {2018},
  publisher =    {Springer},
  pages =        {1-20}
}

@TECHREPORT{wgictreview:2013,
  author = {Stuart Arthur and Tom Crick and Janet Hayward},
  title = {{The ICT Steering Group's Report to the Welsh Government}},
  year = {2013},
  month = {September},
  note = {\url{http://learning.gov.wales/resources/browse-all/ict-steering-groups-report/?lang=en}},
}

@INPROCEEDINGS{davenport-et-al:latice2016,
  author =       {James H. Davenport and Alan Hayes and Rachid Hourizi and Tom Crick},
  title =        {{Innovative Pedagogical Practices in the Craft of Computing}},
  booktitle =    {{Proceedings of 4th International Conference on Learning and Teaching in Computing and Engineering (LaTiCE 2016)}},
  pages = {115-119},
  publisher = {IEEE Press},
  address = {Los Alamitos, CA},
  year = 	 {2016}
}

@Article{murphy-et-al:programming2017,
  author = 	 {Ellen Murphy and Tom Crick and James H. Davenport},
  title = 	 {{An Analysis of Introductory Programming Courses at UK Universities}},
  journal = 	 {{The Art, Science, and Engineering of Programming}},
  year = 	 {2017},
  volume = 	 {1(2)},
  number = 	 {18},
  pages = {18-1--18-23}
}

@InProceedings{simon-et-al:sigcse2018,
  author = 	 {{Simon} and Raina Mason and Tom Crick and James H. Davenport and Ellen Murphy},
  title = 	 {{Language Choice in Introductory Programming Courses at Australasian and UK Universities}},
  booktitle = {{Proceedings of 49th ACM Technical Symposium on Computer Science Education (SIGCSE 2018)}},
  pages = {852--857},
  publisher = {ACM},
  address = {New York},
  year = 	 {2018}
}

@InProceedings{tryfonas+crick:petra2018,
  author =       {Theo Tryfonas and Tom Crick},
  title =        {{Public Policy and Skills for Smart Cities: The UK Outlook}},
  booktitle =    {{Proceedings of 11th International Conference on PErvasive Technologies Related to Assistive Environments (PETRA)}},
  pages =        {116-117},
  year = 	 {2018}
}