
% Journals

% First the Full Name is given, then the abbreviation used in the AMS Math
% Reviews, with an indication if it could not be found there.
% Note the 2nd overwrites the 1st, so swap them if you want the full name.

 %{AMS}
 @String{AMSTrans = "American Mathematical Society Translations" }
 @String{AMSTrans = "Amer. Math. Soc. Transl." }
 @String{BullAMS = "Bulletin of the American Mathematical Society" }
 @String{BullAMS = "Bull. Amer. Math. Soc." }
 @String{ProcAMS = "Proceedings of the American Mathematical Society" }
 @String{ProcAMS = "Proc. Amer. Math. Soc." }
 @String{TransAMS = "Transactions of the American Mathematical Society" }
 @String{TransAMS = "Trans. Amer. Math. Soc." }

 %ACM
 @String{CACM = "Communications of the {ACM}" }
 @String{CACM = "Commun. {ACM}" }
 @String{CompServ = "Comput. Surveys" }
 @String{JACM = "J. ACM" }
 @String{ACMMathSoft = "{ACM} Transactions on Mathematical Software" }
 @String{ACMMathSoft = "{ACM} Trans. Math. Software" }
 @String{SIGNUM = "{ACM} {SIGNUM} Newsletter" }
 @String{SIGNUM = "{ACM} {SIGNUM} Newslett." }

 @String{AmerSocio = "American Journal of Sociology" }
 @String{AmerStatAssoc = "Journal of the American Statistical Association" }
 @String{AmerStatAssoc = "J. Amer. Statist. Assoc." }
 @String{ApplMathComp = "Applied Mathematics and Computation" }
 @String{ApplMathComp = "Appl. Math. Comput." }
 @String{AmerMathMonthly = "American Mathematical Monthly" }
 @String{AmerMathMonthly = "Amer. Math. Monthly" }
 @String{BIT = "{BIT}" }
 @String{BritStatPsych = "British Journal of Mathematical and Statistical
          Psychology" }
 @String{BritStatPsych = "Brit. J. Math. Statist. Psych." }
 @String{CanMathBull = "Canadian Mathematical Bulletin" }
 @String{CanMathBull = "Canad. Math. Bull." }
 @String{CompApplMath = "Journal of Computational and Applied Mathematics" }
 @String{CompApplMath = "J. Comput. Appl. Math." }
 @String{CompPhys = "Journal of Computational Physics" }
 @String{CompPhys = "J. Comput. Phys." }
 @String{CompStruct = "Computers and Structures" }
 @String{CompStruct = "Comput. \& Structures" }
 @String{CompJour = "The Computer Journal" }
 @String{CompJour = "Comput. J." }
 @String{CompSysSci = "Journal of Computer and System Sciences" }
 @String{CompSysSci = "J. Comput. System Sci." }
 @String{Computing = "Computing" }
 @String{ContempMath = "Contemporary Mathematics" }
 @String{ContempMath = "Contemp. Math." }
 @String{Crelle = "Crelle's Journal" }
 @String{GiornaleMath = "Giornale di Mathematiche" }
 @String{GiornaleMath = "Giorn. Mat." } % didn't find in AMS MR., ibid.

 %IEEE
 @String{Computer = "{IEEE} Computer" }
 @String{IEEETransComp = "{IEEE} Transactions on Computers" }
 @String{IEEETransComp = "{IEEE} Trans. Comput." }
 @String{IEEETransAC = "{IEEE} Transactions on Automatic Control" }
 @String{IEEETransAC = "{IEEE} Trans. Automat. Control" }
 @String{IEEESpec = "{IEEE} Spectrum" } % didn't find in AMS MR
 @String{ProcIEEE = "Proceedings of the {IEEE}" }
 @String{ProcIEEE = "Proc. {IEEE}" } % didn't find in AMS MR
 @String{IEEETransAeroElec = "{IEEE} Transactions on Aerospace and Electronic
     Systems" }
 @String{IEEETransAeroElec = "{IEEE} Trans. Aerospace Electron. Systems" }

 @String{IMANumerAna = "{IMA} Journal of Numerical Analysis" }
 @String{IMANumerAna = "{IMA} J. Numer. Anal." }
 @String{InfProcLet = "Information Processing Letters" }
 @String{InfProcLet = "Inform. Process. Lett." }
 @String{InstMathApp = "Journal of the Institute of Mathematics and
     its Applications" }
 @String{InstMathApp = "J. Inst. Math. Appl." }
 @String{IntControl = "International Journal of Control" }
 @String{IntControl = "Internat. J. Control" }
 @String{IntNumerEng = "International Journal for Numerical Methods in
     Engineering" }
 @String{IntNumerEng = "Internat. J. Numer. Methods Engrg." }
 @String{IntSuper = "International Journal of Supercomputing Applications" }
 @String{IntSuper = "Internat. J. Supercomputing Applic." } % didn't find
%% in AMS MR
 @String{Kibernetika = "Kibernetika" }
 @String{JResNatBurStand = "Journal of Research of the National Bureau
     of Standards" }
 @String{JResNatBurStand = "J. Res. Nat. Bur. Standards" }
 @String{LinAlgApp = "Linear Algebra and its Applications" }
 @String{LinAlgApp = "Linear Algebra Appl." }
 @String{MathAnaAppl = "Journal of Mathematical Analysis and Applications" }
 @String{MathAnaAppl = "J. Math. Anal. Appl." }
 @String{MathAnnalen = "Mathematische Annalen" }
 @String{MathAnnalen = "Math. Ann." }
 @String{MathPhys = "Journal of Mathematical Physics" }
 @String{MathPhys = "J. Math. Phys." }
 @String{MathComp = "Mathematics of Computation" }
 @String{MathComp = "Math. Comp." }
 @String{MathScand = "Mathematica Scandinavica" }
 @String{MathScand = "Math. Scand." }
 @String{TablesAidsComp = "Mathematical Tables and Other Aids to Computation" }
 @String{TablesAidsComp = "Math. Tables Aids Comput." }
 @String{NumerMath = "Numerische Mathematik" }
 @String{NumerMath = "Numer. Math." }
 @String{PacificMath = "Pacific Journal of Mathematics" }
 @String{PacificMath = "Pacific J. Math." }
 @String{ParDistComp = "Journal of Parallel and Distributed Computing" }
 @String{ParDistComp = "J. Parallel and Distrib. Comput." } % didn't find
%% in AMS MR
 @String{ParComputing = "Parallel Computing" }
 @String{ParComputing = "Parallel Comput." }
 @String{PhilMag = "Philosophical Magazine" }
 @String{PhilMag = "Philos. Mag." }
 @String{ProcNAS = "Proceedings of the National Academy of Sciences
                    of the USA" }
 @String{ProcNAS = "Proc. Nat. Acad. Sci. U. S. A." }
 @String{Psychometrika = "Psychometrika" }
 @String{QuartMath = "Quarterly Journal of Mathematics, Oxford, Series (2)" }
 @String{QuartMath = "Quart. J. Math. Oxford Ser. (2)" }
 @String{QuartApplMath = "Quarterly of Applied Mathematics" }
 @String{QuartApplMath = "Quart. Appl. Math." }
 @String{RevueInstStat = "Review of the International Statisical Institute" }
 @String{RevueInstStat = "Rev. Inst. Internat. Statist." }

 %SIAM
 @String{JSIAM = "Journal of the Society for Industrial and Applied
     Mathematics" }
 @String{JSIAM = "J. Soc. Indust. Appl. Math." }
 @String{JSIAMB = "Journal of the Society for Industrial and Applied
     Mathematics, Series B, Numerical Analysis" }
 @String{JSIAMB = "J. Soc. Indust. Appl. Math. Ser. B Numer. Anal." }
 @String{SIAMAlgMeth = "{SIAM} Journal on Algebraic and Discrete Methods" }
 @String{SIAMAlgMeth = "{SIAM} J. Algebraic Discrete Methods" }
 @String{SIAMAppMath = "{SIAM} Journal on Applied Mathematics" }
 @String{SIAMAppMath = "{SIAM} J. Appl. Math." }
 @String{SIAMComp = "{SIAM} Journal on Computing" }
 @String{SIAMComp = "{SIAM} J. Comput." }
 @String{SIAMMatrix = "{SIAM} Journal on Matrix Analysis and Applications" }
 @String{SIAMMatrix = "{SIAM} J. Matrix Anal. Appl." }
 @String{SIAMNumAnal = "{SIAM} Journal on Numerical Analysis" }
 @String{SIAMNumAnal = "{SIAM} J. Numer. Anal." }
 @String{SIAMReview = "{SIAM} Review" }
 @String{SIAMReview = "{SIAM} Rev." }
 @String{SIAMSciStat = "{SIAM} Journal on Scientific and Statistical
     Computing" }
 @String{SIAMSciStat = "{SIAM} J. Sci. Statist. Comput." }

 @String{SoftPracExp = "Software Practice and Experience" }
 @String{SoftPracExp = "Software Prac. Experience" } % didn't find in AMS MR
 @String{StatScience = "Statistical Science" }
 @String{StatScience = "Statist. Sci." }
 @String{Techno = "Technometrics" }
 @String{USSRCompMathPhys = "{USSR} Computational Mathematics and Mathematical
     Physics" }
 @String{USSRCompMathPhys = "{U. S. S. R.} Comput. Math. and Math. Phys." }
 @String{VLSICompSys = "Journal of {VLSI} and Computer Systems" }
 @String{VLSICompSys = "J. {VLSI} Comput. Syst." }
 @String{ZAngewMathMech = "Zeitschrift fur Angewandte Mathematik und
     Mechanik" }
 @String{ZAngewMathMech = "Z. Angew. Math. Mech." }
 @String{ZAngewMathPhys = "Zeitschrift fur Angewandte Mathematik und Physik" }
 @String{ZAngewMathPhys = "Z. Angew. Math. Phys." }

% Publishers % ================================================= |

 @String{Academic = "Academic Press" }
 @String{ACMPress = "{ACM} Press" }
 @String{AdamHilger = "Adam Hilger" }
 @String{AddisonWesley = "Addison-Wesley" }
 @String{AllynBacon = "Allyn and Bacon" }
 @String{AMS = "American Mathematical Society" }
 @String{Birkhauser = "Birkha{\"u}ser" }
 @String{CambridgePress = "Cambridge University Press" }
 @String{Chelsea = "Chelsea" }
 @String{ClaredonPress = "Claredon Press" }
 @String{DoverPub = "Dover Publications" }
 @String{Eyolles = "Eyolles" }
 @String{HoltRinehartWinston = "Holt, Rinehart and Winston" }
 @String{Interscience = "Interscience" }
 @String{JohnsHopkinsPress = "The Johns Hopkins University Press" }
 @String{JohnWileySons = "John Wiley and Sons" }
 @String{Macmillan = "Macmillan" }
 @String{MathWorks = "The Math Works Inc." }
 @String{McGrawHill = "McGraw-Hill" }
 @String{NatBurStd = "National Bureau of Standards" }
 @String{NorthHolland = "North-Holland" }
 @String{OxfordPress = "Oxford University Press" }  %address Oxford or London?
 @String{PergamonPress = "Pergamon Press" }
 @String{PlenumPress = "Plenum Press" }
 @String{PrenticeHall = "Prentice-Hall" }
 @String{SIAMPub = "{SIAM} Publications" }
 @String{Springer = "Springer-Verlag" }
 @String{TexasPress = "University of Texas Press" }
 @String{VanNostrand = "Van Nostrand" }
 @String{WHFreeman = "W. H. Freeman and Co." }

%Entries

@Misc{shadbolt2016shadbolt,
  title={Shadbolt review of computer sciences degree accreditation and graduate employability},
  author={Shadbolt, Nigel},
    year={2016},
howpublished={\url{https://www.gov.uk/government/publications/computer-science-degree-accreditation-and-graduate-employability-shadbolt-review}},
}

@misc{cphc_2016, 
title={Shadbolt Working Groups}, url={https://cphc.ac.uk/what-we-do/shadbolt-working-groups/}, 
journal={CPHC}, 
publisher={CPHC}, 
year={2016}, 
month={Jul},
author={CPHC}}

@inproceedings{davenport2019institute,
  title={The institute of coding: Addressing the uk digital skills crisis},
  author={Davenport, James H and Crick, Tom and Hayes, Alan and Hourizi, Rachid},
  booktitle={Proceedings of the 3rd Conference on Computing Education Practice},
  pages={10},
  year={2019},
  organization={ACM},
  publisher={ACM},
  address={Durham, UK}
}

@misc{ royal, 
title="{Visiting Professors}", 
author={Royal Academy of Engineering}, 
year={2019},
howpublished={\url{https://www.raeng.org.uk/grants-and-prizes/grants/schemes-for-people-in-industry/visiting-professors-in-innovation}}, 
}

@Misc{ BCS2018a,
  title = "{Guidelines on course accreditation (May 2018)}",
  author = {{British Computer Society}},
  year = {2018},
  howpublished = {\url{http://www.bcs.org/content/ConMediaFile/30202}},
  keywords = {CS EDUC}
}

@InProceedings{ Davenportetal2019a,
  title = "{The Institute of Coding: Addressing the UK Digital Skills Crisis}",
  author = {Davenport,J.H. and Crick,T. and Hayes,A. and Hourizi,R.},
  booktitle = {Proceedings 3rd Computing Education Practice Conference},
  year = {2019},
  pages = {10:1--10:4},
  publisher =    {ACM},
  address ={Durham, UK},
  keywords = {CS EDUC UK}
}

@Misc{NCSC2018a,
   title="{NCSC degree certification}",
  author={{National Cyber Security Centre}},
  year={2018},
  howpublished={\url{https://www.ncsc.gov.uk/information/ncsc-degree-certification-call-new-applicants-0}}
}

@Misc{NCSC2018b,
   title="{Certification of Bachelor's and Master's Degrees in Cyber Security}",
  author={{National Cyber Security Centre}},
  year={2018},
  url = {https://www.ncsc.gov.uk/content/files/protected\_files/article\_files/degrees-at-a-glance.pdf}
}

@Misc{NCSC2018c,
   title="{NCSC-Certified Master's and Bachelor's Degrees in Cyber Security --- call for Master's degrees}",
  author={National Cyber Security Centre},
  year={2018},
  howpublished={\url{https://www.ncsc.gov.uk/content/files/protected\_files/article\_files/Computer Science for Cyber Security Sept 2018\_0.pdf}}
}

@article{ Stensaker2006,
  author = {Stensaker, B. and  Harvey, L.},
  year = {2006},
  title = "{Old Wine in New Bottles? A Comparison of Public and Private Accreditation Schemes in Higher Education.}",
  journal={Higher Education Policy},
  volume ={195},
  article={1},
  pages={65-8},
  DOI ={https://doi.org/10.1057/palgrave.hep.8300110}
}
@article{ Mutereko2017,
  author = {Mutereko, S.},
  year = {2017},
  title = "{Analysing the accreditation of engineering education in South Africa through Foucault's panopticon and governmentality lenses.}",
  journal={Assessment \& Evaluation in Higher Education},
  volume ={43},
  article={2},
  pages={235-247},
  DOI ={https://doi.org/10.1080/02602938.2017.1330395}
}

@article{ Brooke2018,
  author = {Brooke, P. and Prickett, T. and Keogh, S. and Bowers, D.},
  year = {2018},
  title = "{Becoming Professional A University Perspective.}",
  journal={ITNow},
  volume ={60},
  issue={2},
  pages={16-17},
  DOI ={https://doi.org/10.1093/itnow/bwy037}
}

@Misc{TP2019,
   title="{About accredited Degrees}",
  author={Tech Partnership Degrees},
  year={2019},
  howpublished={\url{https://www.tpdegrees.com/degrees/about-degrees/}}
}

@Misc{IET2019,
   title="{The academic accreditation process}",
  author={Institute of Engineering and Technology},
  year={2019},
  howpublished={\url{https://www.theiet.org/career/accreditation/academic-accreditation/the-academic-accreditation-process/}}
}

@article{Harvey2004,
author = { Lee   Harvey   },
title = {The power of accreditation: views of academics},
journal = {Journal of Higher Education Policy and Management},
volume = {26},
number = {2},
pages = {207-223},
year  = {2004},
publisher = {Routledge}
}

@article{Knight_2015, title={The International Race for Accreditation}, url={https://ejournals.bc.edu/index.php/ihe/article/view/7490}, DOI={10.6017/ihe.2005.40.7490}, volume={40}, journal={International Higher Education}, author={Knight, Jane}, year={2015}, month={Mar.}, pages = {2-3} }

@incollection{juran1962quality,
  title={Quality control handbook},
  author={Juran, Joseph M},
  booktitle={Quality control handbook},
  year={1962},
  publisher={McGraw-Hill},
  address={USA}
}

@inproceedings{Cricketal2019,
 author = {T. Crick, J. Davenport, A. Irons and T. Prickett},
 title = {A UK Case Study on Cybersecurity Education and Accreditation},
 booktitle = {IEEE Frontiers in Education Conference - proceedings,},
 year = {2019},
 pages = {1-2},
 publisher = {IEEE},
 address={USA}
}

@article{ Irons2016,
  author = {Alastair Irons and Nick Savage and Carsten Maple and Adrian Davies and Lyndsay Turley },
  year = {2016},
  title = "{Cybersecurity in CS Degrees}",
  journal={ITNow},
  volume ={58},
  article={2},
  pages={56-57}
}

@InProceedings{Oudshoornetal2018a,
    title = "{Understanding the New ABET Computer Science Criteria}",
    author = {Oudshoorn,M.J. and Thomas,S. and Raj,R.K. and Parrish,A.},
  booktitle = {{Proc. of SIGCSE 2018}},
  pages = {429--434},
  publisher = {ACM},
  year = 	 {2018},
  address ="USA"
  
}

@Misc{RoyalInstitution2019,
   title="{About: Secrets and lies}",
  author={The Royal Institution},
  year={2019},
  howpublished={\url{https://www.rigb.org/christmas-lectures/2019-secrets-and-lies/about-secrets-and-lies}}
}


@techreport{ACM2013a,
title = "{Computer Science Curricula 2013}",
author = {{ACM/IEEE-CS Joint Task Force on Computing Curricula}},
month = {December},
year = {2013},
institution = {ACM Press and IEEE Computer Society Press},
note = {\url{https://dx.doi.org/10.1145/2534860}}
}

@Misc{EC2019,
   title="{Professional Engineering Institutions}",
  author={Engineering Council},
  year={2019},
  howpublished={\url{https://www.engc.org.uk/about-us/our-partners/professional-engineering-institutions/}}
}

@Misc{EC2018,
   title="{Compensation and condiment}",
  author={Engineering Council},
  year={2018},
  howpublished={\url{https://www.engc.org.uk/engcdocuments/internet/website/compensation and condonement.pdf }}
}

@Misc{Washington2019,
	title="{Washington Accord}",
	author={International Engineering Alliance},
	year={2019},
	howpublished={\url{http://www.ieagreements.org/accords/washington/ }}
}

@Misc{Seoul2019,
	title="{Seoul Accord}",
	author={Seoul Accord},
	year={2019},
	howpublished={\url{http://www.ieagreements.org/accords/washington/ }}
}


@Misc{ Hannigan2019a,
	title = "{Engineering-based industries are often not very good at cyber security}",
	author = {Hannigan,R.},
	year = {2019},
	howpublished = {\url{https://events.theiet.org/cyber-ics/interview.cfm}},
	annote = {"change the culture in your organisation around cyber security; to t
	ry to do for cyber what has been done so successfully for health and safety, for
	example, over the last ten years - to get everybody to take it seriously; to ta
	ke the risk management process seriously and drive that down through the organis
	ation."},
	keywords = {SECURITY IOT}
}

@INPROCEEDINGS{mcgettrick-et-al:sigcse2014,
	author = {Andrew McGettrick and Lillian N. Cassel and Melissa Dark and Elizabeth K. Hawthorne and John Impagliazzo},
	title = {{Toward curricular guidelines for cybersecurity}},
	booktitle={Proc. of SIGCSE 2014},
	year = {2014},
	publisher = {ACM},
	pages = {81-82},
	address={USA}
}

@misc{ACM2017b,
	title = "{Cybersecurity Curricula 2017}",
	author = {{ACM/IEEE-CS/AIS SIGSEC/IFIP WG 11.8 Joint Task Force on Computing Curricula}},
	month = {December},
	year = {2017},
	institution = {ACM Press and IEEE Computer Society Press},
	howpublished = {\url{https://www.acm.org/binaries/content/assets/education/curricula-recommendations/csec2017.pdf}},
}


@Misc{NCSC2017,
	title="{NCSC-certified degrees}",
	author={{UK National Cyber Security Centre}},
	year={2017},
	month={August},
	howpublished={\url{https://www.ncsc.gov.uk/information/ncsc-certified-degrees}}
}

@ARTICLE{brown-et-al:toce2014,
	author = {Neil C. C. Brown and Sue Sentance and Tom Crick and Simon Humphreys},
	title = {{Restart: The Resurgence of Computer Science in UK Schools}},
	journal = {{ACM Transactions on Computer Science Education}},
	year = {2014},
	volume = {14},
	number = {2},
	pages = {1--22},
	publisher = {ACM}
}

@Article{murphy-et-al:programming2017,
	author = 	 {Ellen Murphy and Tom Crick and James H. Davenport},
	title = 	 {{An Analysis of Introductory Programming Courses at UK Universities}},
	journal = 	 {{The Art, Science, and Engineering of Programming}},
	year = 	 {2017},
	volume = 	 {1(2)},
	number = 	 {18},
	pages = {1-23}
}

@InProceedings{tryfonas+crick:petra2018,
	author =       {Theo Tryfonas and Tom Crick},
	title =        {{Public Policy and Skills for Smart Cities: The UK Outlook}},
	booktitle =    {{Proc. of 11th Int. Conf. on PErvasive Technologies Related to Assistive Environments (PETRA)}},
	pages =        {116-117},
	year = 	 {2018},
	address= {Corfu, Greece},
	publisher ={ACM}
	
}


@INPROCEEDINGS{Ruiz2019a,
	title = "{A Study of the UK Undergraduate Computer Science Curriculum: A Vision of Cybersecurity}",
	author = {Rodrigo Ruiz},
	booktitle={Proc. of 12th IEEE Int. Conf. on Global Security, Safety and Sustainability},
	year = {2019},
	publisher = {IEEE},
	keywords = {SECURITY EDUC UK},
	address = {London, UK},
	pages={1-8},
	numpages={8}
}

@Misc{ Ackerman2019a,
	title = "{Too few cybersecurity professionals is a gigantic problem for 2019}",
	author = {Ackerman,R.},
	year = {2019},
	howpublished = {\url{https://techcrunch.com/2019/01/27/too-few-cybersecurity-professionals-is-a-gigantic-problem-for-2019/}},
	annote = {Between September 2017 and August 2018, U.S. employers posted nearly 314,000 jobs for cybersecurity pros.},
	keywords = {SECURITY JOBS}
}





